
@article{east2023,
	author = {Chloe N. East and Annie L. Hines and Philip Luck and  Hani Mansour and Andrea Velásquez},
	title = {The Labor Market Eﬀects of Immigration
Enforcement},
	journal = {Journal of Labor Economics},
	year = 2023,
	volume = {41},
	number = {4},
	pages = {957-996},
    URL = {https://doi.org/10.1086/721152}
}

@misc{data:acs,
	author = {Steven Ruggles and Sarah Flood and Matthew Sobek and Daniel Backman and Grace Cooper and Julia A. Rivera Drew and Stephanie Richards and Renae Rodgers and Jonathan Schroeder and Kari C.W. Williams},
	title = {IPUMS USA: Version 16.0},
	journal = {Journal of Labor Economics},
	year = 2024,
	address = {Minneapolis, Minnesota},
    URL = {https://doi.org/10.18128/D010.V16.0}
}

@online{trac24,
	author = "TRAC",
	title = {Transactional Records Access Clearinghouse Immigration Tools},
	year = 2025,
    URL = {https://tracreports.org/immigration/tools/}
}

@misc{web:iceweb,
    author = {ICE},
    title = {ICE.gov: An official website of the U.S. Department of Homeland Security},
    year = {2025},
    URL = {https://www.ice.gov}
}